<record><leader>00000cas a2200000 a 4500</leader><controlfield tag="001">25668469</controlfield><controlfield tag="008">920417u1976uuuuiluwr ne      0    0eng c</controlfield><datafield ind1=" " ind2=" " tag="010"><subfield code="a">sn 92053227 </subfield></datafield><datafield ind1=" " ind2=" " tag="040"><subfield code="a">NVF</subfield><subfield code="b">eng</subfield><subfield code="c">NVF</subfield><subfield code="d">CVF</subfield><subfield code="d">NVF</subfield><subfield code="d">OCLCQ</subfield><subfield code="d">OCLCF</subfield><subfield code="d">OCLCO</subfield></datafield><datafield ind1="1" ind2=" " tag="029"><subfield code="a">AU@</subfield><subfield code="b">000020713402</subfield></datafield><datafield ind1=" " ind2=" " tag="042"><subfield code="a">pcc</subfield></datafield><datafield ind1=" " ind2=" " tag="043"><subfield code="a">n-us-il</subfield></datafield><datafield ind1="0" ind2="0" tag="245"><subfield code="a">Tri-county today.</subfield></datafield><datafield ind1=" " ind2=" " tag="260"><subfield code="a">Sandwich, Ill. :</subfield><subfield code="b">Hometown Pub. Co.,</subfield><subfield code="c">1976-</subfield></datafield><datafield ind1=" " ind2=" " tag="300"><subfield code="a">v.</subfield></datafield><datafield ind1=" " ind2=" " tag="310"><subfield code="a">Weekly</subfield></datafield><datafield ind1="0" ind2=" " tag="362"><subfield code="a">103rd year, 1st issue (June 16, 1976)-</subfield></datafield><datafield ind1=" " ind2=" " tag="580"><subfield code="a">Formed by the union of: Waterman enquirer, and: Plano-Sandwich news-press, and: Leland times (Leland, Ill. : 1971), and: Somonauk reveille.</subfield></datafield><datafield ind1=" " ind2=" " tag="588"><subfield code="a">Latest issue consulted: 108th year, issue 38 (Sept. 18, 1985).</subfield></datafield><datafield ind1=" " ind2="0" tag="651"><subfield code="a">Sandwich (Ill.)</subfield><subfield code="v">Newspapers.</subfield></datafield><datafield ind1=" " ind2="0" tag="651"><subfield code="a">De Kalb County (Ill.)</subfield><subfield code="v">Newspapers.</subfield></datafield><datafield ind1=" " ind2="0" tag="651"><subfield code="a">Kendall County (Ill.)</subfield><subfield code="v">Newspapers.</subfield></datafield><datafield ind1=" " ind2="0" tag="651"><subfield code="a">La Salle County (Ill.)</subfield><subfield code="v">Newspapers.</subfield></datafield><datafield ind1=" " ind2="7" tag="655"><subfield code="a">Newspapers.</subfield><subfield code="2">fast</subfield><subfield code="0">(OCoLC)fst01423814</subfield></datafield><datafield ind1=" " ind2="7" tag="651"><subfield code="a">Illinois</subfield><subfield code="z">De Kalb County.</subfield><subfield code="2">fast</subfield><subfield code="0">(OCoLC)fst01208068</subfield></datafield><datafield ind1=" " ind2="7" tag="651"><subfield code="a">Illinois</subfield><subfield code="z">Kendall County.</subfield><subfield code="2">fast</subfield><subfield code="0">(OCoLC)fst01213236</subfield></datafield><datafield ind1=" " ind2="7" tag="651"><subfield code="a">Illinois</subfield><subfield code="z">La Salle County.</subfield><subfield code="2">fast</subfield><subfield code="0">(OCoLC)fst01213234</subfield></datafield><datafield ind1=" " ind2="7" tag="651"><subfield code="a">Illinois</subfield><subfield code="z">Sandwich.</subfield><subfield code="2">fast</subfield><subfield code="0">(OCoLC)fst01226879</subfield></datafield><datafield ind1=" " ind2=" " tag="752"><subfield code="a">United States</subfield><subfield code="b">Illinois</subfield><subfield code="c">De Kalb</subfield><subfield code="d">Sandwich.</subfield></datafield><datafield ind1="1" ind2="4" tag="780"><subfield code="t">Waterman enquirer</subfield></datafield><datafield ind1="1" ind2="4" tag="780"><subfield code="t">Plano-Sandwich news-press</subfield><subfield code="w">(DLC)sn 92053226</subfield><subfield code="w">(OCoLC)25668036</subfield></datafield><datafield ind1="1" ind2="4" tag="780"><subfield code="t">Leland times (Leland, Ill. : 1971)</subfield><subfield code="w">(DLC)sn 92053230</subfield><subfield code="w">(OCoLC)25668315</subfield></datafield><datafield ind1="1" ind2="4" tag="780"><subfield code="t">Somonauk reveille</subfield><subfield code="w">(DLC)sn 92053219</subfield><subfield code="w">(OCoLC)25668385</subfield></datafield></record>